<record><leader>00000cas a2200000 a 4500</leader><controlfield tag="001">25919810</controlfield><controlfield tag="008">920601d1856185uiluwr ne      0   a0eng c</controlfield><datafield ind1=" " ind2=" " tag="010"><subfield code="a">sn 92053262 </subfield></datafield><datafield ind1=" " ind2=" " tag="040"><subfield code="a">NVF</subfield><subfield code="b">eng</subfield><subfield code="c">NVF</subfield><subfield code="d">OCL</subfield><subfield code="d">NVF</subfield><subfield code="d">OCL</subfield><subfield code="d">NVF</subfield><subfield code="d">OCLCF</subfield><subfield code="d">OCLCO</subfield><subfield code="d">NVF</subfield></datafield><datafield ind1=" " ind2=" " tag="019"><subfield code="a">25919916</subfield></datafield><datafield ind1=" " ind2=" " tag="042"><subfield code="a">pcc</subfield></datafield><datafield ind1=" " ind2=" " tag="043"><subfield code="a">n-us-il</subfield></datafield><datafield ind1="0" ind2="0" tag="245"><subfield code="a">Hennepin tribune.</subfield></datafield><datafield ind1=" " ind2=" " tag="260"><subfield code="a">Hennepin, Putnam County, Ill. :</subfield><subfield code="b">Burney &amp; Duncan</subfield></datafield><datafield ind1=" " ind2=" " tag="300"><subfield code="a">v.</subfield></datafield><datafield ind1=" " ind2=" " tag="310"><subfield code="a">Weekly</subfield></datafield><datafield ind1="1" ind2=" " tag="362"><subfield code="a">Began in 1856.</subfield></datafield><datafield ind1=" " ind2=" " tag="588"><subfield code="a">Description based on: Vol. 1, no. 8 (June 6, 1856).</subfield></datafield><datafield ind1=" " ind2=" " tag="588"><subfield code="a">Latest issue consulted: Mar. 20, 1857.</subfield></datafield><datafield ind1=" " ind2="0" tag="651"><subfield code="a">Hennepin (Ill.)</subfield><subfield code="v">Newspapers.</subfield></datafield><datafield ind1=" " ind2="7" tag="651"><subfield code="a">Illinois</subfield><subfield code="z">Hennepin.</subfield><subfield code="2">fast</subfield><subfield code="0">(OCoLC)fst01283318</subfield></datafield><datafield ind1=" " ind2="7" tag="655"><subfield code="a">Newspapers.</subfield><subfield code="2">fast</subfield><subfield code="0">(OCoLC)fst01423814</subfield></datafield><datafield ind1=" " ind2=" " tag="752"><subfield code="a">United States</subfield><subfield code="b">Illinois</subfield><subfield code="c">Putnam</subfield><subfield code="d">Hennepin.</subfield></datafield><datafield ind1="0" ind2="0" tag="785"><subfield code="t">Hennepin weekly tribune</subfield><subfield code="w">(DLC)sn 97061101</subfield><subfield code="w">(OCoLC)36377129</subfield></datafield></record>